@article{zhang2024overcoming,
  title={Overcoming the barrier of orbital-free density functional theory for molecular systems using deep learning},
  author={Zhang, He and Liu, Siyuan and You, Jiacheng and Liu, Chang and Zheng, Shuxin and Lu, Ziheng and Wang, Tong and Zheng, Nanning and Shao, Bin},
  journal={Nature Computational Science},
  volume={4},
  number={3},
  pages={210--223},
  year={2024},
  publisher={Nature Publishing Group US New York}
}
@article{neuralscf,
  title={NeuralSCF: Neural network self-consistent fields for density functional theory},
  author={Song, Feitong and Feng, Ji},
  journal={arXiv preprint arXiv:2406.15873},
  year={2024}
}
@inproceedings{opticalflow,
  title={Deep equilibrium optical flow estimation},
  author={Bai, Shaojie and Geng, Zhengyang and Savani, Yash and Kolter, J Zico},
  booktitle={Proceedings of the IEEE/CVF conference on computer vision and pattern recognition},
  pages={620--630},
  year={2022}
}
@article{remme2025stable,
  title={Stable and Accurate Orbital-Free DFT Powered by Machine Learning},
  author={Remme, Roman and Kaczun, Tobias and Ebert, Tim and Gehrig, Christof A and Geng, Dominik and Gerhartz, Gerrit and Ickler, Marc K and Klockow, Manuel V and Lippmann, Peter and Schmidt, Johannes S and others},
  journal={arXiv preprint arXiv:2503.00443},
  year={2025}
}
@article{zucchet2022beyond,
  title={Beyond backpropagation: bilevel optimization through implicit differentiation and equilibrium propagation},
  author={Zucchet, Nicolas and Sacramento, Joao},
  journal={Neural Computation},
  volume={34},
  number={12},
  pages={2309--2346},
  year={2022},
  publisher={MIT Press One Rogers Street, Cambridge, MA 02142-1209, USA journals-info~â€¦}
}
@article{eqprop,
  title={Equilibrium propagation: Bridging the gap between energy-based models and backpropagation},
  author={Scellier, Benjamin and Bengio, Yoshua},
  journal={Frontiers in computational neuroscience},
  volume={11},
  pages={24},
  year={2017},
  publisher={Frontiers Media SA}
}

@book{dontchev2009implicit,
  title={Implicit functions and solution mappings},
  author={Dontchev, Asen L and Rockafellar, R Tyrrell},
  volume={543},
  year={2009},
  publisher={Springer}
}

